% ....názov súboru je: literatura.bib
% kniha

@book{Braitenberg,
	author = "Valentino Braitenberg",
	title = "Vehicles: Experiments in Synthetic Psychology",
	publisher = "Bradford Books",
	year = 1986
}

% zdroj na webe
@misc{Raynolds,
	author = "Craig Reynolds",
	title = "Steering Behaviors For Autonomous Characters",
	howpublished = "\url{https://www.red3d.com/cwr/steer/gdc99/}",
}

@phdthesis{Verhagen,
  title={Norm autonomous agents},
  author={Verhagen, Henricus JE},
  year={2000},
  school={Stockholm Universitet}
}

@book{Cooper,
	author = "Jonathan Cooper",
	title = "Game Anim: Video Game Animation Explained",
	publisher = "A K Peters/CRC Press",
	year = 2019
}

@book{Millington,
	author = " Ian Millington, John Funge",
	title = "Artificial Intelligence for Games",
	publisher = "Boca Raton",
	year = 2009
}

